118888555511111111111103011103202000000010593169783THE EXPENDABLES REVAMP SL    
22    0901110301110301040161000000000927000000000000000000000000                
2301TRANSFERENC. A Silvester Stallone                                           
22    0901110301110301040161000000001274090000000000000000000000                
2301TRANSFERENC. A Mickey Rourke                                                
22    0901110302110302040162000000000424800000000000001111111111                
2301TRANSFERENC. Bruce Willis                                                   
22    0901110303110303040161000000000236000000000000000000000000                
2301TRANSFERENC. A Charisma Carpenter                                           
22    0901110304110304990801000000005000000000000000000000000000                
2301APER IMPOSIC 123456789-00                                                   
22    09011103041103041203110000000011778100000000000987654321221234123412341234
2301TARJ.CREDITO Hank Amos                                                      
22    09011103041103041203110000000001882000000000000987654321116789678967896789
2301TRANSFERENC. Jet Li                                                         
22    0901110309110309040162000000001539900000000000123451234566                
2301TRANSFERENC. Terry Crews                                                    
22    090111030911030904016200000000071154000000000000BA12345678                
2301TRANSFERENC. David Zayas                                                    
22    0901110321110319170892000000000003030000000000000000000000                
2301LIQ.INT.IMP. 123456789-00                                                   
3388885555111111111100006000000008803100000400000000267927200000000446933978    
88999999999999999999000022                                                      
